@article{lr88,
 author = {M. Luby and C. Rackoff},
 title = {How to Construct Pseudorandom Permutations from Pseudorandom Functions},
 journal = {SIAM J. Comp.},
 volume = {17},
 number = {2},
 month = {Apr.},
 year = {1988},
 pages = {373--386},
}

@inproceedings{pbhsr05,
 author = {Z.N.J. Peterson and R. Burns and J. Herring and A. Stubblefield and A.D. Rubin},
 title = {Secure Deletion for a Versioning File System},
 booktitle = {Proc. of FAST},
 year = {2005},
 address = {San Francisco, CA, USA},
 month ={Dec.}
 } 


@ARTICLE{hn11,
author={J. Hur and D.K. Noh},
journal={IEEE TPDS},
title={Attribute-Based Access Control with Efficient Revocation in Data Outsourcing Systems},
year={2011},
volume={22},
number={7},
pages={1214-1221},
month={July},
}



@article{dw10,
 author = {S.M. Diesburg and A.I.A. Wang},
 title = {A Survey of Confidential Data Storage and Deletion Methods},
 journal = {ACM Computer Surveys},
 volume = {43},
 number = {1},
 month = {December},
 year = {2010},
}


@inproceedings{ywrl10,
 author = {S. Yu and C. Wang and K. Ren and W. Lou},
 title = {Attribute Based Data Sharing with Attribute Revocation},
 booktitle = {Proc. of ASIACCS},
 year = {2010},
 address = {Beijing, China},
 month ={April}
} 


@inproceedings{hkd15,
 author = {I. Hang and F. Kerschbaum and E. Damiani},
 title = {{ENKI}: {Access} Control for Encrypted Query Processing},
 booktitle = {Proc. of SIGMOD},
 year = {2015},
 address = {Melbourne, Australia},
 month ={May}
} 


@inproceedings{gpsw06,
  title={Attribute-based encryption for fine-grained access control of encrypted data},
  author={V. Goyal and O. Pandey and A. Sahai and B. Waters},
  booktitle={Proc. of CCS},
  year={2006},
  address = {Alexandria, VA, USA},
  month = {October-November}
}


@Misc{standardInd,
  key = 	 {{TCG} Storage  
Security Subsystem Class: 
Opal},
  title = 	 {{TCG} Storage  
Security Subsystem Class: 
{Opal}},
  month = 	 {Aug.},
  year = 	 {2015},
  url = 	 {www.trustedcomputinggroup.org/wp-content/uploads/TCG\_Storage-Opal\_SSC_v2.01\_rev1.00.pdf}
}


@inproceedings{afb05,
 author = {M.J. Atallah and K.B. Frikken and M. Blanton},
 title = {Dynamic and Efficient Key Management for Access Hierarchies},
 booktitle = {Proc. of CCS},
 year = {2005},
 address = {Alexandria, VA, USA},
 month = {November},
} 


@inProceedings{abm14,
  author =	 {E. Andreeva and A. Bogdanov and B. Mennink},
  title =	 {Towards Understanding the Known-Key Security of
                  Block Ciphers},
  year =	 2014,
  booktitle =	 {Proc. of FSE},
  address =	 {Hong Kong},
  month =	 {November}
}

@inproceedings{chhs13,
  author =	 {C. Cachin and K. Haralambiev and H.C. Hsiao and
                  A. Sorniotti},
  title =	 {Policy-based Secure Deletion},
  booktitle =	 {Proc. of CCS},
  year =	 2013,
  address =	 {Berlin, Germany},
  month =	 {November},
}

@techreport{d01,
  title =	 {Recommendation for block cipher modes of operation,
                  methods and techniques},
  author =	 {M. Dworkin},
  year =	 2001,
  number =	 {NIST Special Publication 800-38A},
  institution =	 {National Institute of Standards and Technology},
  url =                  {http://www.csrc.nist.gov/publications/nistpubs/800-38a/sp800-38a.pdf}
}

@InProceedings{fkk06,
  author =	 {K. Fu and S. Kamara and Y. Kohno},
  title =	 {Key Regression: Enabling Efficient Key Distribution
                  for Secure Distributed Storage},
  booktitle =	 {Proc. of NDSS},
  year =	 2006,
  address =	 {San Diego, CA, USA},
  month =	 {February}
}


@InProceedings{r97,
  author =	 {{R.L.} Rivest},
  title =	 {All-or-nothing encryption and the package transform},
  booktitle =	 {Proc. of FSE},
  year =	 1997,
  address =	 {Haifa, Israel},
  month =	 {Jan.}
}

@Article {tods10,
  author =	 {S. {De Capitani di Vimercati} and S. Foresti and
                  S. Jajodia and S. Paraboschi and P. Samarati},
  title =	 {Encryption Policies for Regulating Access to
                  Outsourced Data},
  journal =	 {ACM TODS},
  volume =	 35,
  number =	 2,
  pages =	 {12:1-12:46},
  month =	 {April},
  year =	 2010
}

@InProceedings {vldb07,
  author =	 {S. {De Capitani di Vimercati} and S. Foresti and
                  S. Jajodia and S. Paraboschi and P. Samarati},
  booktitle =	 {Proc. of VLDB},
  title =	 {Over-encryption: Management of Access Control
                  Evolution on Outsourced Data},
  address =	 {Vienna, Austria},
  month =	 {Sept.},
  year =	 2007
}
