@INPROCEEDINGS{8228695, 
author={Enrico Bacis and Alan Barnett and Andrew Byrne and Sabrina De Capitani di Vimercati and Sara Foresti and Stefano Paraboschi and Marco Rosa and Pierangela Samarati}, 
booktitle={2017 IEEE Conference on Communications and Network Security (CNS)}, 
title={Distributed shuffle index: Analysis and implementation in an industrial testbed}, 
year={2017}, 
volume={}, 
number={}, 
pages={396-397}, 
keywords={cloud computing;data protection;program testing;security of data;industrial testbed;pattern confidentiality;independent cloud providers;high-performance Dell EMC platform;industry testbed;distributed shuffle index;content confidentiality protection;Indexes;Cloud computing;Electromagnetic compatibility;Distributed databases;Prototypes;Computer architecture;Multiprotocol label switching}, 
doi={10.1109/CNS.2017.8228695}, 
ISSN={}, 
month={Oct},}

@INPROCEEDINGS{8228711, 
author={Enrico Bacis and Marco Rosa and Ali Sajjad}, 
booktitle={2017 IEEE Conference on Communications and Network Security (CNS)}, 
title={EncSwift and key management: An integrated approach in an industrial setting}, 
year={2017}, 
volume={}, 
number={}, 
pages={483-486}, 
keywords={cloud computing;cryptography;data privacy;security of data;telecommunication security;cloud computing;channel state information;dynamic spectrum access;security;data privacy;cryptography;computer network security;mobile computing;wireless channels;authorisation;Encryption;Containers;Access control;Servers;Conferences}, 
doi={10.1109/CNS.2017.8228711}, 
ISSN={}, 
month={Oct},}

@INPROCEEDINGS{dcs, 
author={Enrico Bacis and Sabrina De Capitani di Vimercati and Sara Foresti and Stefano Paraboschi and Marco Rosa and Pierangela Samarati}, 
note={(under review)}, 
title={{Balancing Data Availability and Security in Distributed Cloud Storage}}
}

@techreport{d26,
title = {{D2.6 -- Final Report on Data Protection and Key Management Solutions}},
author = {Enrico Bacis and Sabrina De Capitani di Vimercati and Sara Foresti and Stefano Paraboschi and Marco Rosa and Ali Sajjad and Pierangela Samarati and Mathias Bj\"{o}rkqvist and Christian Cachin and Bj\"{o}rn Tackmann and Ahmed Taha and Patrick Metzler and Salman Mazoor and Neeraj Suri},
institution = {ESCUDO-CLOUD},
}

@techreport{d35,
title = {{D3.5 -- Report on Secure Information Sharing in the Cloud}},
author = {Daniel Bernau and Andreas Fischer and Anselme Kemgne Tueno and Christian Cachin and Bj\"{o}rn Tackmann and Enrico Bacis and Sabrina De Capitani di Vimercati and Sara Foresti and Giovanni Livraga and Stefano Paraboschi and Marco Rosa and Pierangela Samarati and Roberto Sassi and Ahmed Taha and Nicolas Coppick and Ruben Trapero and Neeraj Suri},
institution = {ESCUDO-CLOUD},
}

@techreport{d44,
title = {{D4.4 -- Report on Multi Cloud and Federated Cloud}},
author = {Ahmed Taha and Heng Zhang and Neeraj Suri and Sara Foresti and Giovanni Livraga and Andrew Byrne and Alan Barnett and Enrico Bacis and Marco
Rosa and Ali Sajjad},
institution = {ESCUDO-CLOUD},
}