@inproceedings{hbcm02,
 author = {Hacig\"{u}m\"{u}\c{s}, Hakan and Iyer, Bala and Li, Chen and Mehrotra, Sharad},
 title = {Executing {SQL} over Encrypted Data in the Database-service-provider Model},
 booktitle = {Proc. of ACM SIGMOD},
 year = {2002},
 address = {Madison, Wisconsin},
 month={June},
}

@INPROCEEDINGS{nal14,
author={D. Nu{\~{n}}ez and I. Agudo and J. Lopez},
booktitle={Proc. of IEEE CloudCom},
title={Delegated Access for Hadoop Clusters in the Cloud},
year={2014},
month={December},
address={Singapore},
}

@INPROCEEDINGS{ajjp16,
author={M. Albanese and S. Jajodia and R. Jhawar and V. Piuri},
booktitle={Proc. of IEEE SOSE},
title={Dependable and Resilient Cloud Computing},
year={2016},
month={March},
address={Oxford, UK}
}

@INPROCEEDINGS{tppg13,
author={M. Theoharidou and N. Papanikolaou and S. Pearson and D. Gritzalis},
booktitle={Proc. of IEEECloudCom},
title={Privacy Risk, Security, Accountability in the Cloud},
year={2013},
month={December},
address={Bristol, UK}
}

@ARTICLE{cslr18,
author={M. Conti and E. Sandeep Kumar and C. Lal and S. Ruj},
journal={IEEE Communications Surveys Tutorials},
title={A Survey on Security and Privacy Issues of Bitcoin},
year={2018},
volume={20},
number={4},
pages={3416-3452},
}

@INPROCEEDINGS{atl2005,
author={A. Aldribi and I. Traore and G. Letourneau},
booktitle={Proc. of IEEE PACRIM},
title={Cloud Slicing a new architecture for cloud security monitoring},
year={2015},
month={August},
address={Victoria, Canada}}


@inproceedings{Cachin13,
 author = {Cachin, Christian and Haralambiev, Kristiyan and Hsiao, Hsu-Chun and Sorniotti, Alessandro},
 title = {Policy-based Secure Deletion},
 booktitle = {Proc. of ACM CCS},
 year = {2013},
 location = {Berlin, Germany},
 month ={November},
}

@article{bessani2013depsky,
  title={{DepSky}: {Dependable} and secure storage in a cloud-of-clouds},
  author={Bessani, Alysson and Correia, Miguel and Quaresma, Bruno and Andr{\'e}, Fernando and Sousa, Paulo},
  journal={ACM TOS},
  volume={9},
  number={4},
  year={2013},
  pages = {12:1--12:33},
}

@article{dw10,
 author = {Diesburg, Sarah M. and Wang, An-I Andy},
 title = {A Survey of Confidential Data Storage and Deletion Methods},
 journal = {ACM Comput. Surv.},
 volume = {43},
 number = {1},
 month = {December},
 year = {2010},
 pages = {2:1--2:37},
}

@inproceedings{Shen2016CloudofCloudsSM,
	title={Cloud-of-Clouds Storage Made Efficient: A Pipeline-Based Approach},
	author={Jiajie Shen and Jiazhen Gu and Yangfan Zhou and Xin Wang},
	journal={Proc. of International Conference on Web Services (ICWS)},
	address={San Francisco, CA, USA},
	month={June},
	year={2016},
}

@inproceedings{b99,
	title={On the security properties of {OAEP} as an all-or-nothing transform},
	author={Victor Boyko},
	booktitle={Proc. of CRYPTO},
	address={Santa Barbara, CA, USA},
	month = {August},
	year={1999},
}

@inproceedings {r97,
	title = {All-or-nothing encryption and the package transform},
	author = {Ronald L. Rivest},	
	booktitle = {Proc. of FSE},
	address= {Haifa, Israel},
	month = {January},
	year = {1997},
}

@InProceedings {bdfprs-ccs2016,
	author = {Enrico Bacis and Sabrina {De Capitani di Vimercati} and Sara Foresti and Stefano Paraboschi and Marco Rosa and Pierangela Samarati},
	booktitle = {Proc. of ACM CCS},
	title = {{Mix\&Slice}: {Efficient} Access Revocation in the Cloud},
	address = {Vienna, Austria},
	month = {October},
	year = {2016},
}

@inproceedings{paul2014security,
	author={Paul, Greig and Hutchison, Fraser and Irvine, James},
	title={Security of the MaidSafe Vault Network},	
	booktitle={Wireless World Research Forum Meeting 32},
	address={Marrakesh, Morocco},
	month={May},
	year={2014},
}

@techreport{benet2014ipfs,
	title={{IPFS}-content addressed, versioned, {P2P} file system},
	author={Benet, Juan},
	institution={Protocol Labs},
	journal={arXiv preprint arXiv:1407.3561},
	year={2014},
}

@techreport{sc-distributed-content-delivery,
	author = {Connor Patterson},
	title = {Distributed Content Delivery and Cloud Storage},
	year = {2017},
	institution={Smith and Crown},
	howpublished = {\url{www.smithandcrown.com/distributed-content-delivery-cloud-storage}},
}

@techreport{wilkinson2014storj,
	title={Storj: a peer-to-peer cloud storage network (v2.0)},
	author={Wilkinson, Shawn and Boshevski, Tome and Brandoff, Josh and Prestwich, James and Hall, Gordon and Gerbes, Patrick and Hutchins, Philip and Pollard, Chris and Buterin, Vitalik},
	institution={Storj Labs Inc.},
	year={2016},
	howpublished={\url{https://storj.io/storj.pdf}},
}

@techreport{vorick2014sia,
	title={Sia: Simple Decentralized Storage},
	author={Vorick, David and Champine, Luke},
	institution={Nebulous Inc.},
	year={2014},
	howpublished={\url{https://www.sia.tech/whitepaper.pdf}},
}

@techreport{lambert2014safenetwork,
	title={The {SAFE} Network - a New, Decentralised Internet},
	author={Lambert, Nick and Bollen, Benjamin},
	institution={MaidSafe},
	year={2014},
	howpublished={\url{http://docs.maidsafe.net/Whitepapers/pdf/TheSafeNetwork.pdf}},
}

@techreport{irvine2010maidsafe,
	title={Maidsafe Distributed File System},
	author={Irvine, David},
	institution={MaidSafe},
	year={2010},
}

@techreport{filecoin2017,
	title={Filecoin: A Decentralized Storage Network},
	author={Protocol Labs},
	institution={Protocol Labs},
	year={2017},
	howpublished={\url{http://filecoin.io/filecoin.pdf}},
	note={\url{http://filecoin.io/filecoin.pdf}},
}

@techreport{blockCDN,
	title={The new revolution of CDN - A blockchain powered CDN trading platform},
	author={},
	institution={BlockCDN},
	year={2016},
	howpublished={\url{http://blockcdn.org/BlockCDN.pdf}},
	note={\url{http://blockcdn.org/BlockCDN.pdf}},
}

@techreport{DECENT,
	title={{DECENT} Whitepaper},
	author={Matej Michalko and Josef Sevcik},
	institution={DECENT},
	year={2015},
	howpublished={\url{https://decent.ch/media/documents/decent-whitepaper.pdf}},
}

@article{shamir1979share,
	title={How to share a secret},
	author={Shamir, Adi},
	journal={Communications of the ACM},
	volume={22},
	number={11},
	pages={612--613},
	year={1979},
	month={September/December}
}

@inproceedings{waldman2001tangler,
	title={Tangler: a censorship-resistant publishing system based on document entanglements},
	author={Waldman, Marc and Mazieres, David},
	booktitle={Proc. of ACM CCS},
	address={Philadelphia, PA, USA},
	month={November},
	year={2001},
}

@INPROCEEDINGS{rp11aont,
	author = {J. K. Resch and J. S. Plank},
	title = {{AONT-RS:} Blending Security and Performance in Dispersed Storage Systems},
	booktitle = {Proc of FAST},
	address={San Jose, CA, USA},
	month = {February},
	year = {2011},
}

@inproceedings {usenixcdstore,
	author = {Mingqiang Li and Chuan Qin and Patrick P. C. Lee},
	title = {{CDStore}: {Toward} Reliable, Secure, and Cost-Efficient Cloud Storage via Convergent Dispersal},
	booktitle = {Proc. of USENIX ATC},
	address = {Santa Clara, CA, USA},
	month = {July},
	year = {2015},
}

@inproceedings {li2014convergent,
	author = {Mingqiang Li and Chuan Qin and Patrick P. C. Lee and Jin Li},
	title = {Convergent Dispersal: Toward Storage-Efficient Security in a Cloud-of-Clouds},
	booktitle = {Proc. of HotStorage},
	address = {Philadelphia, PA, USA},
	month = {June},
	year = {2014},
}

@inproceedings{hu2012nccloud,
	title={NCCloud: applying network coding for the storage repair in a cloud-of-clouds},
	author={Hu, Yuchong and Chen, Henry CH and Lee, Patrick PC and Tang, Yang},
	booktitle={Proc. of FAST},
	address={San Jose, CA, USA},
	month={February},
	year={2012},
}

@inproceedings{bowers2009hail,
	title={{HAIL}: {A} high-availability and integrity layer for cloud storage},
	author={Bowers, Kevin D and Juels, Ari and Oprea, Alina},
	booktitle={Proc. of ACM CCS},
	year={2009},
	address={Chicago, IL, USA},
	month={November},
}

@inproceedings{bowers2009proofs,
	title={Proofs of retrievability: Theory and implementation},
	author={Bowers, Kevin D and Juels, Ari and Oprea, Alina},
	booktitle={Proc. of ACM CCSW},
	year={2009},
	address={Chicago, IL, USA},
	month={November},
}

@article{Patterson:1988:CRA:971701.50214,
	author = {Patterson, David A. and Gibson, Garth and Katz, Randy H.},
	title = {A Case for Redundant Arrays of Inexpensive Disks {(RAID)}},
	journal = {ACM SIGMOD Records},
	issue_date = {June 1988},
	volume = {17},
	number = {3},
	month = jun,
	year = {1988},
	issn = {0163-5808},
	pages = {109--116},
	numpages = {8},
	doi = {10.1145/971701.50214},
	acmid = {50214},
	publisher = {ACM},
	address = {New York, NY, USA},
} 

@inproceedings{Kapusta:2016,
 author = {Kapusta, Katarzyna and Memmi, Gerard and Noura, Hassan},
 title = {A Keyless Efficient Algorithm for Data Protection by Means of Fragmentation},
 booktitle = {Proc. of ACM CCS},
 year = {2016},
 address = {Vienna, Austria},
 month={October}
} 