@article{lr88,
	author = {M. Luby and C. Rackoff},
	title = {How to Construct Pseudorandom Permutations from Pseudorandom Functions},
	journal = {SIAM J. Comp.},
	volume = {17},
	number = {2},
	month = {Apr.},
	year = {1988},
	pages = {373--386},
}

@inproceedings{pbhsr05,
	author = {Z.N.J. Peterson and R. Burns and J. Herring and A. Stubblefield and A.D. Rubin},
	title = {Secure Deletion for a Versioning File System},
	booktitle = {Proc. of FAST},
	year = {2005},
	address = {San Francisco, CA, USA},
	month ={Dec.}
} 

@inproceedings{paeq,
	author = {A. Biryukov and D. Khovratovich},
	title = {{PAEQ}: {Parallelizable} permutation-based authenticated encryption},
	booktitle = {Proc. of ISC},
	address = {Hong Kong, China},
	month = {Oct.},
	year = {2014}
}

@techreport{paeq2,
	author = {A. Biryukov and D. Khovratovich},
	title = {{PAEQ} reference v1},
	number = {CryptoLUX},
	institution = {University of Luxembourg},
	year = 2014
}

@ARTICLE{hn11,
	author={J. Hur and D.K. Noh},
	journal={IEEE TPDS},
	title={Attribute-Based Access Control with Efficient Revocation in Data Outsourcing Systems},
	year={2011},
	volume={22},
	number={7},
	pages={1214-1221},
	month={July},
}



@article{dw10,
	author = {S.M. Diesburg and A.I.A. Wang},
	title = {A Survey of Confidential Data Storage and Deletion Methods},
	journal = {ACM Computer Surveys},
	volume = {43},
	number = {1},
	month = {December},
	year = {2010},
}


@inproceedings{ywrl10,
	author = {S. Yu and C. Wang and K. Ren and W. Lou},
	title = {Attribute Based Data Sharing with Attribute Revocation},
	booktitle = {Proc. of ASIACCS},
	year = {2010},
	address = {Beijing, China},
	month ={April}
} 


@inproceedings{hkd15,
	author = {I. Hang and F. Kerschbaum and E. Damiani},
	title = {{ENKI}: {Access} Control for Encrypted Query Processing},
	booktitle = {Proc. of SIGMOD},
	year = {2015},
	address = {Melbourne, Australia},
	month ={May}
} 


@inproceedings{gpsw06,
	title={Attribute-based encryption for fine-grained access control of encrypted data},
	author={V. Goyal and O. Pandey and A. Sahai and B. Waters},
	booktitle={Proc. of CCS},
	year={2006},
	address = {Alexandria, VA, USA},
	month = {October-November}
}


@Misc{standardInd,
	key = 	 {{TCG} Storage  
	Security Subsystem Class: 
	Opal},
	title = 	 {{TCG} Storage  
	Security Subsystem Class: 
	{Opal}},
	month = 	 {Aug.},
	year = 	 {2015},
	url = 	 {www.trustedcomputinggroup.org/wp-content/uploads/TCG\_Storage-Opal\_SSC_v2.01\_rev1.00.pdf}
}


@inproceedings{afb05,
	author = {M.J. Atallah and K.B. Frikken and M. Blanton},
	title = {Dynamic and Efficient Key Management for Access Hierarchies},
	booktitle = {Proc. of CCS},
	year = {2005},
	address = {Alexandria, VA, USA},
	month = {November},
} 


@inProceedings{abm14,
	author =	 {E. Andreeva and A. Bogdanov and B. Mennink},
	title =	 {Towards Understanding the Known-Key Security of
	Block Ciphers},
	year =	 2014,
	booktitle =	 {Proc. of FSE},
	address =	 {Hong Kong},
	month =	 {November}
}

@inproceedings{chhs13,
	author =	 {C. Cachin and K. Haralambiev and H.C. Hsiao and
	A. Sorniotti},
	title =	 {Policy-based Secure Deletion},
	booktitle =	 {Proc. of CCS},
	year =	 2013,
	address =	 {Berlin, Germany},
	month =	 {November},
}

@techreport{d01,
	title =	 {Recommendation for block cipher modes of operation,
	methods and techniques},
	author =	 {M. Dworkin},
	year =	 2001,
	number =	 {NIST Special Publication 800-38A},
	institution =	 {National Institute of Standards and Technology},
	url =                  {http://www.csrc.nist.gov/publications/nistpubs/800-38a/sp800-38a.pdf}
}

@InProceedings{fkk06,
	author =	 {K. Fu and S. Kamara and Y. Kohno},
	title =	 {Key Regression: Enabling Efficient Key Distribution
	for Secure Distributed Storage},
	booktitle =	 {Proc. of NDSS},
	year =	 2006,
	address =	 {San Diego, CA, USA},
	month =	 {February}
}

@InProceedings{r97,
	author =	 {{R.L.} Rivest},
	title =	 {All-or-nothing encryption and the package transform},
	booktitle = {Proceedings of the 4th Internation Workshop on Fast Software Encryption (FSE)},
	year =	 1997,
	address =	 {Haifa, Israel},
	month =	 {January}
}

@Article {tods10,
	author =	 {S. {De Capitani di Vimercati} and S. Foresti and
	S. Jajodia and S. Paraboschi and P. Samarati},
	title =	 {Encryption Policies for Regulating Access to
	Outsourced Data},
	journal =	 {ACM TODS},
	volume =	 35,
	number =	 2,
	pages =	 {12:1-12:46},
	month =	 {April},
	year =	 2010
}

@InProceedings {vldb07,
	author =	 {S. {De Capitani di Vimercati} and S. Foresti and
	S. Jajodia and S. Paraboschi and P. Samarati},
	booktitle =	 {Proc. of VLDB},
	title =	 {Over-encryption: Management of Access Control
	Evolution on Outsourced Data},
	address =	 {Vienna, Austria},
	month =	 {Sept.},
	year =	 2007
}

@inproceedings{BacDeC16,
	author = {E. Bacis and S. De Capitani di Vimercati and S. Foresti and S. Paraboschi and M. Rosa and P. Samarati},
	booktitle = {Proceedings of the 23rd ACM Conference on Computer and Communications Security (CCS)},
	title = {Mix\&Slice: Efficient Access Revocation in the Cloud},
	year = {2016},
}

@inproceedings{BelRog94,
	author = {M. Bellare and P. Rogaway},
	booktitle = {Proceedings of the 13th International Conference on the Theory and Application of Cryptographic Techniques (EUROCRYPT)},
	title = {Optimal Asymmetric Encryption},
	year = {1994},
}

@inproceedings{Boy99,
	author = {V. Boyko},
	booktitle = {Proceedings of the 19th International Cryptology Conference (CRYPTO)},
	title = {On the Security Properties of OAEP as an All-or-Nothing Transform},
	year = {1999},
}


@article{Sti01,
	author = {D. Stinson:},
	journal = {Designs, Codes and Cryptography 22(2)},
	title = {Something About All or Nothing (Transforms)},
	year = {2001},
	unidentified = {\end{thebibliography} \end{document},
	}
}


@inproceedings{Calder:2011:WAS:2043556.2043571,
 author = {Calder, Brad and Wang, Ju and Ogus, Aaron and Nilakantan, Niranjan and Skjolsvold, Arild and McKelvie, Sam and Xu, Yikang and Srivastav, Shashwat and Wu, Jiesheng and Simitci, Huseyin and Haridas, Jaidev and Uddaraju, Chakravarthy and Khatri, Hemal and Edwards, Andrew and Bedekar, Vaman and Mainali, Shane and Abbasi, Rafay and Agarwal, Arpit and Haq, Mian Fahim ul and Haq, Muhammad Ikram ul and Bhardwaj, Deepali and Dayanand, Sowmya and Adusumilli, Anitha and McNett, Marvin and Sankaran, Sriram and Manivannan, Kavitha and Rigas, Leonidas},
 title = {Windows Azure Storage: A Highly Available Cloud Storage Service with Strong Consistency},
 booktitle = {Proceedings of the Twenty-Third ACM Symposium on Operating Systems Principles (SOSP' 11)},
 year = {2011},
 address = {Cascais, Portugal},
} 

@inproceedings{huang2012erasure,
	author = {Cheng Huang and Huseyin Simitci and Yikang Xu and Aaron Ogus and Brad Calder and Parikshit Gopalan and Jin Li and Sergey Yekhanin},
	title = {Erasure Coding in Windows Azure Storage},
	booktitle = {Proc. of USENIX Annual Technical Conference (USENIX ATC 12)},
	address = {Boston, MA, USA},
	month = {June},
	year = {2012}
}

@inproceedings{bellare1995optimal,
  title={Optimal asymmetric encryption},
  author={Bellare, Mihir and Rogaway, Phillip},
  booktitle={Advances in Cryptology—EUROCRYPT'94},
  pages={92--111},
  year={1995},
  organization={Springer}
}

@inproceedings{bellare1998relations,
  title={Relations among notions of security for public-key encryption schemes},
  author={Bellare, Mihir and Desai, Anand and Pointcheval, David and Rogaway, Phillip},
  booktitle={Advances in Cryptology—CRYPTO'98},
  pages={26--45},
  year={1998},
  organization={Springer}
}

@article{DBLP:journals/corr/KapustaMN17,
  author    = {Katarzyna Kapusta and
               G{\'{e}}rard Memmi and
               Hassan Noura},
  title     = {An Efficient Keyless Fragmentation Algorithm for Data Protection},
  journal   = {CoRR},
  volume    = {abs/1705.09872},
  year      = {2017},
  url       = {http://arxiv.org/abs/1705.09872},
  timestamp = {Mon, 12 Jun 2017 14:34:20 +0200},
  biburl    = {http://dblp.uni-trier.de/rec/bib/journals/corr/KapustaMN17},
  bibsource = {dblp computer science bibliography, http://dblp.org}
}

@article{shamir1979share,
  title={How to share a secret},
  author={Shamir, Adi},
  journal={Communications of the ACM},
  volume={22},
  number={11},
  pages={612--613},
  year={1979},
  publisher={ACM}
}

@inproceedings{Resch:2011,
 author = {Resch, Jason K. and Plank, James S.},
 title = {AONT-RS: Blending Security and Performance in Dispersed Storage Systems},
 booktitle = {Proceedings of the 9th USENIX Conference on File and Stroage Technologies},
 series = {FAST'11},
 year = {2011},
 isbn = {978-1-931971-82-9},
 location = {San Jose, California},
 pages = {14--14},
 numpages = {1},
 url = {http://dl.acm.org/citation.cfm?id=1960475.1960489},
 acmid = {1960489},
 publisher = {USENIX Association},
 address = {Berkeley, CA, USA},
} 

@article{feistel1973cryptography,
	title={Cryptography and computer privacy},
	author={Feistel, Horst},
	journal={Scientific american},
	volume={228},
	number={5},
	pages={15--23},
	year={1973},
	publisher={JSTOR}
}

@inproceedings{webster1985design,
	title={On the design of S-boxes},
	author={Webster, AF and Tavares, Stafford E},
	booktitle={Conference on the Theory and Application of Cryptographic Techniques},
	pages={523--534},
	year={1985},
	organization={Springer}
}